@book{atiyah1969introduction
,	title	= {Introduction to commutative algebra}
,	author	= {Atiyah, M.F. and Macdonald, I.G.}
,	volume	= {1}
,	year	= {1969}
,	publisher	= {Addison-Wesley Reading, Mass}
}


@book{g√∂rtz2010algebraic,
  title={Algebraic Geometry: Part I: Schemes. With Examples and Exercises},
  author={G{\"o}rtz, U. and Wedhorn, T.},
  isbn={9783834897220},
  series={Advanced Lectures in Mathematics},
  url={https://books.google.de/books?id=XEiLudn6sq4C},
  year={2010},
  publisher={Vieweg+Teubner Verlag}
}

@book{vakil2024the-rising-sea,
title={THE RISING SEA: Foundations of Algebraic Geometry},
 author={Ravi Vakil},
 year={2024},
 url={https://math.stanford.edu/~vakil/216blog/FOAGnov1817public.pdf}
}

@book{eisenbud1995commutative,
  title={Commutative Algebra: With a View Toward Algebraic Geometry},
  author={Eisenbud, D.},
  isbn={9780387942698},
  lccn={94017351},
  series={Graduate Texts in Mathematics},
  url={https://books.google.de/books?id=Fm_yPgZBucMC},
  year={1995},
  publisher={Springer}
}
